@article{lee2022beta,
  title={The beta-mixture shrinkage prior for sparse covariances with near-minimax posterior convergence rate},
  author={Lee, Kyoungjae and Jo, Seongil and Lee, Jaeyong},
  journal={Journal of Multivariate Analysis},
  volume={192},
  pages={105067},
  year={2022},
  publisher={Elsevier}
}
@article{carvalho2010horseshoe,
  title={The horseshoe estimator for sparse signals},
  author={Carvalho, Carlos M and Polson, Nicholas G and Scott, James G},
  journal={Biometrika},
  volume={97},
  number={2},
  pages={465--480},
  year={2010},
  publisher={Oxford University Press}
}
@article{song2017nearly,
  title={Nearly optimal Bayesian shrinkage for high dimensional regression},
  author={Song, Qifan and Liang, Faming},
  journal={arXiv preprint arXiv:1712.08964},
  year={2017}
}
@article{banerjee2015bayesian,
  title={Bayesian structure learning in graphical models},
  author={Banerjee, Sayantan and Ghosal, Subhashis},
  journal={Journal of Multivariate Analysis},
  volume={136},
  pages={147--162},
  year={2015},
  publisher={Elsevier}
}

@article{cai2012optimal,
  title={Optimal rates of convergence for sparse covariance matrix estimation},
  author={Cai, T Tony and Zhou, Harrison H},
  journal={The Annals of Statistics},
  pages={2389--2420},
  year={2012},
  publisher={JSTOR}
}

@article{cover1988determinant,
  title={Determinant inequalities via information theory},
  author={Cover, Thomas M and Thomas, A},
  journal={SIAM journal on Matrix Analysis and Applications},
  volume={9},
  number={3},
  pages={384--392},
  year={1988},
  publisher={SIAM}
}


@article{petersen2008matrix,
  title={The matrix cookbook},
  author={Petersen, Kaare Brandt and Pedersen, Michael Syskind and others},
  journal={Technical University of Denmark},
  volume={7},
  number={15},
  pages={510},
  year={2008}
}

@article{lee2018optimal,
  title={Optimal Bayesian minimax rates for unconstrained large covariance matrices},
  author={Lee, Kyoungjae and Lee, Jaeyong},
  journal={Bayesian Analysis},
  volume={13},
  number={4},
  pages={1215--1233},
  year={2018},
  publisher={International Society for Bayesian Analysis}
}